% Encoding: UTF-8

@Article{RiguelleGoldenbeld,
  author = {Riguelle, F. & Goldenbeld, C.},
  date   = {2016-02-19},
  title  = {Themadossier Verkeersveiligheid nr. 8 (2016)},
}

@Article{Gianni2018,
  author = {Gianni Faelens},
  title  = {THE EFFECTS OF CROSS-SEXHORMONE THERAPY ON THE SLEEPWAKE RHYTHM IN TRANSGENDERADOLESCENTS},
  year   = {2016--2018},
}

@Comment{jabref-meta: databaseType:biblatex;}
